@inproceedings{Suchara:2011:NAJ:1993744.1993756,
 author = {Suchara, Martin and Xu, Dahai and Doverspike, Robert and Johnson, David and Rexford, Jennifer},
 title = {Network architecture for joint failure recovery and traffic engineering},
 booktitle = {Proceedings of the ACM SIGMETRICS joint international conference on Measurement and modeling of computer systems},
 series = {SIGMETRICS '11},
 year = {2011},
 isbn = {978-1-4503-0814-4},
 location = {San Jose, California, USA},
 pages = {97--108},
 numpages = {12},
 url = {http://doi.acm.org/10.1145/1993744.1993756},
 doi = {10.1145/1993744.1993756},
 acmid = {1993756},
 publisher = {ACM},
 address = {New York, NY, USA},
 keywords = {failure recovery, network architecture, optimization, simulation, traffic engineering}
}

@INPROCEEDINGS{6364688, 
author={Kempf, J. and Bellagamba, E. and Kern, A. and Jocha, D. and Takacs, A. and Skoldstrom, P.}, 
booktitle={Communications (ICC), 2012 IEEE International Conference on}, 
title={Scalable fault management for OpenFlow}, 
year={2012}, 
pages={6606-6610}, 
keywords={monitoring;multiprotocol label switching;telecommunication network topology;LLDP messages;OpenFlow 1.1 protocol;OpenFlow switches;centralized controller;data-plane forwarding;link-layer discovery protocol;scalable fault management;split architecture;topology monitoring;Circuit faults;Monitoring;Multiprotocol label switching;Optical switches;Scalability;MPLS;OAM;OpenFlow;protection switching}, 
url = {http://doi.acm.org/10.1109/ICC.2012.6364688},
doi={10.1109/ICC.2012.6364688}, 
ISSN={1550-3607}
}

@ARTICLE{2013arXiv1308.4465K,
   author = {{Kozat}, U.~C. and {Liang}, G. and {Kokten}, K.},
    title = "{On Diagnosis of Forwarding Plane via Static Forwarding Rules in Software Defined Networks}",
  journal = {ArXiv e-prints},
archivePrefix = "arXiv",
   eprint = {1308.4465},
 primaryClass = "cs.NI",
 keywords = {Computer Science - Networking and Internet Architecture},
     year = 2013,
    month = aug,
   url = {http://adsabs.harvard.edu/abs/2013arXiv1308.4465K},
  adsnote = {Provided by the SAO/NASA Astrophysics Data System}
}

@inproceedings{Liu:2013:ECV:2482626.2482639,
 author = {Liu, Junda and Panda, Aurojit and Singla, Ankit and Godfrey, Brighten and Schapira, Michael and Shenker, Scott},
 title = {Ensuring connectivity via data plane mechanisms},
 booktitle = {Proceedings of the 10th USENIX conference on Networked Systems Design and Implementation},
 series = {nsdi'13},
 year = {2013},
 location = {Lombard, IL},
 pages = {113--126},
 numpages = {14},
 url = {http://dl.acm.org/citation.cfm?id=2482626.2482639},
 acmid = {2482639},
 publisher = {USENIX Association},
 address = {Berkeley, CA, USA}
} 

@article{Sharma:2013:OMC:2445634.2445903,
 author = {Sharma, Sachin and Staessens, Dimitri and Colle, Didier and Pickavet, Mario and Demeester, Piet},
 title = {OpenFlow: Meeting carrier-grade recovery requirements},
 journal = {Comput. Commun.},
 issue_date = {March, 2013},
 volume = {36},
 number = {6},
 month = mar,
 year = {2013},
 issn = {0140-3664},
 pages = {656--665},
 numpages = {10},
 url = {http://dx.doi.org/10.1016/j.comcom.2012.09.011},
 doi = {10.1016/j.comcom.2012.09.011},
 acmid = {2445903},
 publisher = {Elsevier Science Publishers B. V.},
 address = {Amsterdam, The Netherlands, The Netherlands},
 keywords = {Carrier-grade, OpenFlow, Protection, Restoration},
 notes = {Restoration scheme for Openflow in case of failure in order to meet carrier grade requirements}
}

@inproceedings{Reitblatt:2013:FDF:2491185.2491187,
 author = {Reitblatt, Mark and Canini, Marco and Guha, Arjun and Foster, Nate},
 title = {FatTire: declarative fault tolerance for software-defined networks},
 booktitle = {Proceedings of the second ACM SIGCOMM workshop on Hot topics in software defined networking},
 series = {HotSDN '13},
 year = {2013},
 isbn = {978-1-4503-2178-5},
 location = {Hong Kong, China},
 pages = {109--114},
 numpages = {6},
 url = {http://doi.acm.org/10.1145/2491185.2491187},
 doi = {10.1145/2491185.2491187},
 acmid = {2491187},
 publisher = {ACM},
 address = {New York, NY, USA},
 keywords = {fast failover, fault tolerance, frenetic, netcore, openflow},
} 

@inproceedings{Kuzniar:2013:AFR:2491185.2491218,
 author = {Ku\'{z}niar, Maciej and Pere\v{s}\'{\i}ni, Peter and Vasi\'{c}, Nedeljko and Canini, Marco and Kosti\'{c}, Dejan},
 title = {Automatic failure recovery for software-defined networks},
 booktitle = {Proceedings of the second ACM SIGCOMM workshop on Hot topics in software defined networking},
 series = {HotSDN '13},
 year = {2013},
 isbn = {978-1-4503-2178-5},
 location = {Hong Kong, China},
 pages = {159--160},
 numpages = {2},
 url = {http://doi.acm.org/10.1145/2491185.2491218},
 doi = {10.1145/2491185.2491218},
 acmid = {2491218},
 publisher = {ACM},
 address = {New York, NY, USA},
 keywords = {fault tolerance, software defined network}
} 

@inproceedings{2911632,
  author       = {Sharma, Sachin and Staessens, Dimitri and Colle, Didier and Pickavet, Mario and Demeester, Piet},
  booktitle    = {2011 8th International Workshop on the Design of Reliable Communication Networks (DRCN 2011)},
  isbn         = {9781612841250},
  keyword      = {IBCN},
  language     = {eng},
  location     = {Krakow, Poland},
  pages        = {164--171},
  publisher    = {IEEE},
  title        = {Enabling fast failure recovery in openflow networks},
  url          = {http://dx.doi.org/10.1109/DRCN.2011.6076899},
  year         = {2011},
  notes        = {Addition an evaluation of a fast restoration mechanism to Openflow}
}

@misc{rfc5880,
  author="D. Katz and D. Ward",
  title="{Bidirectional Forwarding Detection (BFD)}",
  series="Request for Comments",
  number="5880",
  howpublished="RFC 5880 (Proposed Standard)",
  publisher="IETF",
  organization="Internet Engineering Task Force",
  year=2010,
  month=jun,
    url="http://www.ietf.org/rfc/rfc5880.txt",
}

@ARTICLE{5409813, 
journal={IEEE Std 802.1X-2010 (Revision of IEEE Std 802.1X-2004)}, 
title={IEEE Standard for Local and metropolitan area networks - Port-Based Network Access Control}, 
year={2010}, 
pages={C1-205}, 
keywords={access control, authentication, authorization, controlled port, key agreement, LANs, local area networks, MAC security, MAC Service, MANs, metropolitan area networks, port-based network access control, secure association, security, service access point, uncontrolled port}, 
url          = {http://dx.doi.org/10.1109/IEEESTD.2010.5409813},
doi={10.1109/IEEESTD.2010.5409813},}

@ARTICLE{1094876, 
author={Gafni, E.M. and Bertsekas, D.P.}, 
journal={Communications, IEEE Transactions on}, 
title={Distributed Algorithms for Generating Loop-Free Routes in Networks with Frequently Changing Topology}, 
year={1981}, 
volume={29}, 
number={1}, 
pages={11-18}, 
keywords={Layout;Mobile communications;Packet switching;Broadcasting;Communication switching;Distributed algorithms;Interference;Mobile communication;Network topology;Packet radio networks;Packet switching;Routing;Wire},
url          = {http://dx.doi.org/10.1109/TCOM.1981.1094876}, 
doi={10.1109/TCOM.1981.1094876}, 
ISSN={0090-6778},}